@book{Bra,
author = {Martin Brandenburg},
title = {Einf\"uhrung in die Kategorientheorie, mit ausf\"uhrlichen Erkl\"arungen und Beispielen},
date = {2015},
publisher = {Springer},
isbn = {978-3-662-47067-1},
doi = {10.1007/978-3-662-47068-8},
}
@online{tikzcd,
title = {\lbrace tikzcd \rbrace - Commutative diagrams with TikZ},
date = {2014},
url = {http://texdoc.net/texmf-dist/doc/latex/tikz-cd/tikz-cd-doc.pdf},
OPTurldate = {11.03.2015},
}

